@book{becking1934geobiologie,
  title={Geobiologie of inleiding tot de milieukunde},
  author={Becking, LGM Baas},
  number={18-19},
  year={1934},
  publisher={WP Van Stockum \& Zoon}
}
