@article{DeWitRutger2006Eieb,
journal = {Environmental Microbiology},
pages = {755--758},
volume = {8},
publisher = {Blackwell Publishing Ltd},
number = {4},
year = {2006},
title = {‘Everything is everywhere, but, the environment selects’; what did Baas Becking and Beijerinck really say?},
address = {Oxford, UK},
author = {De Wit, Rutger and Bouvier, Thierry},
keywords = {Biology;},
issn = {1462-2912},
}

