@book{HubbellStephenP.1942-2001Tunt,
publisher = {Princeton University Press},
isbn = {0691021295},
year = {2001},
title = {The unified neutral theory of biodiversity and biogeography},
language = {eng},
address = {Princeton, N.J., ; Oxford},
author = {Hubbell, Stephen P., 1942-},
keywords = {Biogeography; Biological diversity},
lccn = {lc00051637},
series = {Monographs in population biology ; 32},
}

