@article{Lomolino2001Tamg,
journal = {Journal of Biogeography},
pages = {431--445},
volume = {28},
publisher = {Blackwell Science Ltd},
number = {4},
year = {2001},
title = {Towards a more general species–area relationship: diversity on all islands, great and small},
address = {Oxford UK},
author = {Lomolino and Weiser},
keywords = {Area ; Diversity ; Insular Biotas ; Islands ; Small Island Effect ; Species Richness ; Species–Area},
issn = {0305-0270},
}

