@article{lomolino2017biogeography,
  title={Biogeography},
  author={Lomolino, Mark V and Riddle, Brett R and Whittaker, Robert J},
  year={2017},
  publisher={Oxford University Press}
}
