@article{lomolino1990target,
  title={The target area hypothesis: the influence of island area on immigration rates of non-volant mammals},
  author={Lomolino, Mark V},
  journal={Oikos},
  pages={297--300},
  year={1990},
  publisher={JSTOR}
}

