@book{MacArthurRobertH1967Ttoi,
publisher = {Princetown University Press},
year = {1967},
title = {The theory of island biogeography},
language = {eng},
address = {Princetown},
author = {MacArthur, Robert H},
series = {Monographs in population biology ; 1},
}

