@book{wilson1967theory,
  title={The theory of island biogeography},
  author={Wilson, Edward O and MacArthur, Robert H},
  year={1967},
  publisher={Princeton University Press}
}

@article{sfenthourakis2009habitat,
  title={Habitat diversity, ecological requirements of species and the Small Island Effect},
  author={Sfenthourakis, Spyros and Triantis, Kostas A},
  journal={Diversity and Distributions},
  volume={15},
  number={1},
  pages={131--140},
  year={2009},
  publisher={Wiley Online Library}
}

@article{triantis2006re,
  title={Re-approaching the small island effect},
  author={Triantis, KA and Vardinoyannis, K and Tsolaki, EP and Botsaris, I and Lika, K and Mylonas, M},
  journal={Journal of Biogeography},
  volume={33},
  number={5},
  pages={914--923},
  year={2006},
  publisher={Wiley Online Library}
}

@article{chisholm2016maintenance,
  title={Maintenance of biodiversity on islands},
  author={Chisholm, Ryan A and Fung, Tak and Chimalakonda, Deepthi and O'Dwyer, James P},
  journal={Proceedings of the Royal Society B: Biological Sciences},
  volume={283},
  number={1829},
  pages={20160102},
  year={2016},
  publisher={The Royal Society}
}

@article{lyons2010theory,
  title={Theory of island biogeography on a microscopic scale: organic aggregates as islands for aquatic pathogens},
  author={Lyons, MM and Ward, JE and Gaff, Holly and Hicks, Randall E and Drake, JM and Dobbs, Fred C},
  journal={Aquatic Microbial Ecology},
  volume={60},
  number={1},
  pages={1--13},
  year={2010}
}

@article{van2008islands,
  title={Islands shaping thought in microbial ecology},
  author={van der Gast, Christopher J},
  journal={Advances in applied microbiology},
  volume={64},
  pages={167--182},
  year={2008},
  publisher={Elsevier}
}