@article{madden1977estimates,
  title={Estimates of the autocorrelations and spectra of seasonal mean temperatures over North America},
  author={Madden, RA},
  journal={Monthly Weather Review},
  volume={105},
  number={1},
  pages={9--18},
  year={1977}
}

@article{mearns1984extreme,
  title={Extreme high-temperature events: changes in their probabilities with changes in mean temperature},
  author={Mearns, Linda O and Katz, Richard W and Schneider, Stephen H},
  journal={Journal of Climate and Applied Meteorology},
  volume={23},
  number={12},
  pages={1601--1613},
  year={1984}
}

@article{di2018increased,
  title={Increased spatial and temporal autocorrelation of temperature under climate change},
  author={Di Cecco, Grace J and Gouhier, Tarik C},
  journal={Scientific reports},
  volume={8},
  number={1},
  pages={14850},
  year={2018},
  publisher={Nature Publishing Group}
}

@article{dillon2016life,
  title={Life in the frequency domain: the biological impacts of changes in climate variability at multiple time scales},
  author={Dillon, Michael E and Woods, H Arthur and Wang, George and Fey, Samuel B and Vasseur, David A and Telemeco, Rory S and Marshall, Katie and Pincebourde, Sylvain},
  journal={Integrative and comparative biology},
  volume={56},
  number={1},
  pages={14--30},
  year={2016},
  publisher={Oxford University Press}
}

@article{wu2012enhanced,
  title={Enhanced warming over the global subtropical western boundary currents},
  author={Wu, Lixin and Cai, Wenju and Zhang, Liping and Nakamura, Hisashi and Timmermann, Axel and Joyce, Terry and McPhaden, Michael J and Alexander, Michael and Qiu, Bo and Visbeck, Martin and others},
  journal={Nature Climate Change},
  volume={2},
  number={3},
  pages={161},
  year={2012},
  publisher={Nature Publishing Group}
}

@article{koenig2016temporally,
  title={Temporally increasing spatial synchrony of North American temperature and bird populations},
  author={Koenig, Walter D and Liebhold, Andrew M},
  journal={Nature Climate Change},
  volume={6},
  number={6},
  pages={614},
  year={2016},
  publisher={Nature Publishing Group}
}
